%YAML 1.1
%TAG !u! tag:unity3d.com,2011:
--- !u!1 &448917154998761294
GameObject:
  m_ObjectHideFlags: 0
  m_CorrespondingSourceObject: {fileID: 0}
  m_PrefabInstance: {fileID: 0}
  m_PrefabAsset: {fileID: 0}
  serializedVersion: 6
  m_Component:
  - component: {fileID: 448917154998761266}
  - component: {fileID: 8993425529359764764}
  - component: {fileID: 926463056224750548}
  - component: {fileID: 8458411130198420879}
  - component: {fileID: 5007628110379361907}
  - component: {fileID: 2053466441040028850}
  - component: {fileID: 2052326920233602923}
  - component: {fileID: 7994442341060779555}
  - component: {fileID: 4797615472417829800}
  - component: {fileID: 7509205451255381741}
  - component: {fileID: 2443626398268927216}
  - component: {fileID: 6562894347001446263}
  - component: {fileID: 2270192067505826833}
  - component: {fileID: 2550288444516436391}
  m_Layer: 0
  m_Name: ShootingEnemy
  m_TagString: Enemy
  m_Icon: {fileID: 0}
  m_NavMeshLayer: 0
  m_StaticEditorFlags: 0
  m_IsActive: 1
--- !u!4 &448917154998761266
Transform:
  m_ObjectHideFlags: 0
  m_CorrespondingSourceObject: {fileID: 0}
  m_PrefabInstance: {fileID: 0}
  m_PrefabAsset: {fileID: 0}
  m_GameObject: {fileID: 448917154998761294}
  m_LocalRotation: {x: 0, y: 0, z: 0, w: 1}
  m_LocalPosition: {x: 0, y: 0, z: -0.776}
  m_LocalScale: {x: 1.5, y: 1.5, z: 1.5}
  m_Children:
  - {fileID: 448917156201239488}
  - {fileID: 743296280249434194}
  - {fileID: 5214270316709230774}
  - {fileID: 4041159942200840258}
  - {fileID: 3314569787520656842}
  m_Father: {fileID: 0}
  m_RootOrder: 0
  m_LocalEulerAnglesHint: {x: 0, y: 0, z: 0}
--- !u!114 &8993425529359764764
MonoBehaviour:
  m_ObjectHideFlags: 0
  m_CorrespondingSourceObject: {fileID: 0}
  m_PrefabInstance: {fileID: 0}
  m_PrefabAsset: {fileID: 0}
  m_GameObject: {fileID: 448917154998761294}
  m_Enabled: 1
  m_EditorHideFlags: 0
  m_Script: {fileID: 11500000, guid: c9c74de5f0e16f243af62f1f34f7801b, type: 3}
  m_Name: 
  m_EditorClassIdentifier: 
  GameObjectRuntimeSet: {fileID: 0}
--- !u!50 &926463056224750548
Rigidbody2D:
  serializedVersion: 4
  m_ObjectHideFlags: 0
  m_CorrespondingSourceObject: {fileID: 0}
  m_PrefabInstance: {fileID: 0}
  m_PrefabAsset: {fileID: 0}
  m_GameObject: {fileID: 448917154998761294}
  m_BodyType: 0
  m_Simulated: 1
  m_UseFullKinematicContacts: 0
  m_UseAutoMass: 0
  m_Mass: 3
  m_LinearDrag: 0
  m_AngularDrag: 0.05
  m_GravityScale: 0
  m_Material: {fileID: 0}
  m_Interpolate: 0
  m_SleepingMode: 1
  m_CollisionDetection: 0
  m_Constraints: 0
--- !u!114 &8458411130198420879
MonoBehaviour:
  m_ObjectHideFlags: 0
  m_CorrespondingSourceObject: {fileID: 0}
  m_PrefabInstance: {fileID: 0}
  m_PrefabAsset: {fileID: 0}
  m_GameObject: {fileID: 448917154998761294}
  m_Enabled: 1
  m_EditorHideFlags: 0
  m_Script: {fileID: 11500000, guid: 0e6936181878ac64394751c56d5c7037, type: 3}
  m_Name: 
  m_EditorClassIdentifier: 
  _maxValue: 50
--- !u!114 &5007628110379361907
MonoBehaviour:
  m_ObjectHideFlags: 0
  m_CorrespondingSourceObject: {fileID: 0}
  m_PrefabInstance: {fileID: 0}
  m_PrefabAsset: {fileID: 0}
  m_GameObject: {fileID: 448917154998761294}
  m_Enabled: 1
  m_EditorHideFlags: 0
  m_Script: {fileID: 11500000, guid: 1e8c16d3502a9ec4599db9afa6ccfcbe, type: 3}
  m_Name: 
  m_EditorClassIdentifier: 
  _takenDamagePopup: {fileID: 2144083107181409273, guid: 6b276aba187554b429f6747e9bd66d5c, type: 3}
  PlayerSet: {fileID: 11400000, guid: 262902e40c7babd43a7604f963415bf4, type: 2}
--- !u!114 &2053466441040028850
MonoBehaviour:
  m_ObjectHideFlags: 0
  m_CorrespondingSourceObject: {fileID: 0}
  m_PrefabInstance: {fileID: 0}
  m_PrefabAsset: {fileID: 0}
  m_GameObject: {fileID: 448917154998761294}
  m_Enabled: 1
  m_EditorHideFlags: 0
  m_Script: {fileID: 11500000, guid: eed8037661635ea47a324e502c5d9643, type: 3}
  m_Name: 
  m_EditorClassIdentifier: 
--- !u!114 &2052326920233602923
MonoBehaviour:
  m_ObjectHideFlags: 0
  m_CorrespondingSourceObject: {fileID: 0}
  m_PrefabInstance: {fileID: 0}
  m_PrefabAsset: {fileID: 0}
  m_GameObject: {fileID: 448917154998761294}
  m_Enabled: 1
  m_EditorHideFlags: 0
  m_Script: {fileID: 11500000, guid: bb511515c77a95d47b2477ee1ed5e08b, type: 3}
  m_Name: 
  m_EditorClassIdentifier: 
  _detectionRange: 6
  _raycastLayerMask:
    serializedVersion: 2
    m_Bits: 133120
--- !u!114 &7994442341060779555
MonoBehaviour:
  m_ObjectHideFlags: 0
  m_CorrespondingSourceObject: {fileID: 0}
  m_PrefabInstance: {fileID: 0}
  m_PrefabAsset: {fileID: 0}
  m_GameObject: {fileID: 448917154998761294}
  m_Enabled: 1
  m_EditorHideFlags: 0
  m_Script: {fileID: 11500000, guid: 22d0aba83b183fa47918d44bb297afd0, type: 3}
  m_Name: 
  m_EditorClassIdentifier: 
  _attackRange: 6
  _speed: 2.5
  _raycastLayerMask:
    serializedVersion: 2
    m_Bits: 133120
--- !u!114 &4797615472417829800
MonoBehaviour:
  m_ObjectHideFlags: 0
  m_CorrespondingSourceObject: {fileID: 0}
  m_PrefabInstance: {fileID: 0}
  m_PrefabAsset: {fileID: 0}
  m_GameObject: {fileID: 448917154998761294}
  m_Enabled: 1
  m_EditorHideFlags: 0
  m_Script: {fileID: 11500000, guid: 42b3b3d231e3d7045b72321adfde0376, type: 3}
  m_Name: 
  m_EditorClassIdentifier: 
  _slipTime: 0
  _slipForceDecreaseMultiplier: 0
--- !u!114 &7509205451255381741
MonoBehaviour:
  m_ObjectHideFlags: 0
  m_CorrespondingSourceObject: {fileID: 0}
  m_PrefabInstance: {fileID: 0}
  m_PrefabAsset: {fileID: 0}
  m_GameObject: {fileID: 448917154998761294}
  m_Enabled: 1
  m_EditorHideFlags: 0
  m_Script: {fileID: 11500000, guid: 78d8085062ec82640b70a72461cae563, type: 3}
  m_Name: 
  m_EditorClassIdentifier: 
  _firePoint: {fileID: 1354864845439318620}
  _enemyProjectile: {fileID: 5288785373888750523, guid: b8ca54a1fe3ab2449a600962623ce2e6, type: 3}
  _projectileShootSound: {fileID: 4450809958443667658}
--- !u!114 &2443626398268927216
MonoBehaviour:
  m_ObjectHideFlags: 0
  m_CorrespondingSourceObject: {fileID: 0}
  m_PrefabInstance: {fileID: 0}
  m_PrefabAsset: {fileID: 0}
  m_GameObject: {fileID: 448917154998761294}
  m_Enabled: 1
  m_EditorHideFlags: 0
  m_Script: {fileID: 11500000, guid: 8616a96d7ef19d9409489893dd982168, type: 3}
  m_Name: 
  m_EditorClassIdentifier: 
  BodyRenderer: {fileID: 1733391821412305312}
--- !u!114 &6562894347001446263
MonoBehaviour:
  m_ObjectHideFlags: 0
  m_CorrespondingSourceObject: {fileID: 0}
  m_PrefabInstance: {fileID: 0}
  m_PrefabAsset: {fileID: 0}
  m_GameObject: {fileID: 448917154998761294}
  m_Enabled: 1
  m_EditorHideFlags: 0
  m_Script: {fileID: 11500000, guid: 7e8060b67074ec84ebf96efd93f8036e, type: 3}
  m_Name: 
  m_EditorClassIdentifier: 
  _changableRenderer: {fileID: 1733391821412305312}
--- !u!95 &2270192067505826833
Animator:
  serializedVersion: 3
  m_ObjectHideFlags: 0
  m_CorrespondingSourceObject: {fileID: 0}
  m_PrefabInstance: {fileID: 0}
  m_PrefabAsset: {fileID: 0}
  m_GameObject: {fileID: 448917154998761294}
  m_Enabled: 1
  m_Avatar: {fileID: 0}
  m_Controller: {fileID: 9100000, guid: 847e2d0bb3bb2c047a7f218d7905c030, type: 2}
  m_CullingMode: 0
  m_UpdateMode: 0
  m_ApplyRootMotion: 0
  m_LinearVelocityBlending: 0
  m_WarningMessage: 
  m_HasTransformHierarchy: 1
  m_AllowConstantClipSamplingOptimization: 1
  m_KeepAnimatorControllerStateOnDisable: 0
--- !u!195 &2550288444516436391
NavMeshAgent:
  m_ObjectHideFlags: 0
  m_CorrespondingSourceObject: {fileID: 0}
  m_PrefabInstance: {fileID: 0}
  m_PrefabAsset: {fileID: 0}
  m_GameObject: {fileID: 448917154998761294}
  m_Enabled: 1
  m_AgentTypeID: 0
  m_Radius: 0.5
  m_Speed: 3.5
  m_Acceleration: 8
  avoidancePriority: 50
  m_AngularSpeed: 120
  m_StoppingDistance: 1
  m_AutoTraverseOffMeshLink: 1
  m_AutoBraking: 1
  m_AutoRepath: 1
  m_Height: 1
  m_BaseOffset: 0.45
  m_WalkableMask: 4294967295
  m_ObstacleAvoidanceType: 4
--- !u!1 &448917156201239516
GameObject:
  m_ObjectHideFlags: 0
  m_CorrespondingSourceObject: {fileID: 0}
  m_PrefabInstance: {fileID: 0}
  m_PrefabAsset: {fileID: 0}
  serializedVersion: 6
  m_Component:
  - component: {fileID: 448917156201239488}
  - component: {fileID: 448917156201239519}
  - component: {fileID: 448917156201239518}
  m_Layer: 0
  m_Name: Eye
  m_TagString: Enemy
  m_Icon: {fileID: 0}
  m_NavMeshLayer: 0
  m_StaticEditorFlags: 0
  m_IsActive: 1
--- !u!4 &448917156201239488
Transform:
  m_ObjectHideFlags: 0
  m_CorrespondingSourceObject: {fileID: 0}
  m_PrefabInstance: {fileID: 0}
  m_PrefabAsset: {fileID: 0}
  m_GameObject: {fileID: 448917156201239516}
  m_LocalRotation: {x: -0.34882104, y: -0.07795508, z: -0.27647874, w: 0.8920799}
  m_LocalPosition: {x: 0, y: 0.39, z: -0.419}
  m_LocalScale: {x: 0.3808, y: 0.38079995, z: 0.3808}
  m_Children: []
  m_Father: {fileID: 448917154998761266}
  m_RootOrder: 0
  m_LocalEulerAnglesHint: {x: 0, y: 0, z: 0}
--- !u!33 &448917156201239519
MeshFilter:
  m_ObjectHideFlags: 0
  m_CorrespondingSourceObject: {fileID: 0}
  m_PrefabInstance: {fileID: 0}
  m_PrefabAsset: {fileID: 0}
  m_GameObject: {fileID: 448917156201239516}
  m_Mesh: {fileID: 10207, guid: 0000000000000000e000000000000000, type: 0}
--- !u!23 &448917156201239518
MeshRenderer:
  m_ObjectHideFlags: 0
  m_CorrespondingSourceObject: {fileID: 0}
  m_PrefabInstance: {fileID: 0}
  m_PrefabAsset: {fileID: 0}
  m_GameObject: {fileID: 448917156201239516}
  m_Enabled: 1
  m_CastShadows: 1
  m_ReceiveShadows: 1
  m_DynamicOccludee: 1
  m_MotionVectors: 1
  m_LightProbeUsage: 1
  m_ReflectionProbeUsage: 1
  m_RayTracingMode: 2
  m_RayTraceProcedural: 0
  m_RenderingLayerMask: 1
  m_RendererPriority: 0
  m_Materials:
  - {fileID: 2100000, guid: e55a43e097d56e647a900be65b066923, type: 2}
  m_StaticBatchInfo:
    firstSubMesh: 0
    subMeshCount: 0
  m_StaticBatchRoot: {fileID: 0}
  m_ProbeAnchor: {fileID: 0}
  m_LightProbeVolumeOverride: {fileID: 0}
  m_ScaleInLightmap: 1
  m_ReceiveGI: 1
  m_PreserveUVs: 0
  m_IgnoreNormalsForChartDetection: 0
  m_ImportantGI: 0
  m_StitchLightmapSeams: 1
  m_SelectedEditorRenderState: 3
  m_MinimumChartSize: 4
  m_AutoUVMaxDistance: 0.5
  m_AutoUVMaxAngle: 89
  m_LightmapParameters: {fileID: 0}
  m_SortingLayerID: 0
  m_SortingLayer: 0
  m_SortingOrder: 0
  m_AdditionalVertexStreams: {fileID: 0}
--- !u!1 &4291062296915466432
GameObject:
  m_ObjectHideFlags: 0
  m_CorrespondingSourceObject: {fileID: 0}
  m_PrefabInstance: {fileID: 0}
  m_PrefabAsset: {fileID: 0}
  serializedVersion: 6
  m_Component:
  - component: {fileID: 5214270316709230774}
  - component: {fileID: 5933413236079205805}
  m_Layer: 13
  m_Name: TakingHitTrigger
  m_TagString: Enemy
  m_Icon: {fileID: 0}
  m_NavMeshLayer: 0
  m_StaticEditorFlags: 0
  m_IsActive: 1
--- !u!4 &5214270316709230774
Transform:
  m_ObjectHideFlags: 0
  m_CorrespondingSourceObject: {fileID: 0}
  m_PrefabInstance: {fileID: 0}
  m_PrefabAsset: {fileID: 0}
  m_GameObject: {fileID: 4291062296915466432}
  m_LocalRotation: {x: 0, y: 0, z: 0, w: 1}
  m_LocalPosition: {x: 0, y: 0, z: 0}
  m_LocalScale: {x: 1, y: 1, z: 1}
  m_Children: []
  m_Father: {fileID: 448917154998761266}
  m_RootOrder: 2
  m_LocalEulerAnglesHint: {x: 0, y: 0, z: 0}
--- !u!60 &5933413236079205805
PolygonCollider2D:
  m_ObjectHideFlags: 0
  m_CorrespondingSourceObject: {fileID: 0}
  m_PrefabInstance: {fileID: 0}
  m_PrefabAsset: {fileID: 0}
  m_GameObject: {fileID: 4291062296915466432}
  m_Enabled: 1
  m_Density: 1
  m_Material: {fileID: 0}
  m_IsTrigger: 1
  m_UsedByEffector: 0
  m_UsedByComposite: 0
  m_Offset: {x: 0, y: 0}
  m_SpriteTilingProperty:
    border: {x: 0, y: 0, z: 0, w: 0}
    pivot: {x: 0, y: 0}
    oldSize: {x: 0, y: 0}
    newSize: {x: 0, y: 0}
    adaptiveTilingThreshold: 0
    drawMode: 0
    adaptiveTiling: 0
  m_AutoTiling: 0
  m_Points:
    m_Paths:
    - - {x: 0.006389221, y: 0.7124838}
      - {x: -0.7210436, y: 0.0023330152}
      - {x: 0.000025749207, y: -0.706789}
      - {x: 0.7155704, y: 0.002417624}
      - {x: 0.42074877, y: 0.28984937}
--- !u!1 &4970002380413275682
GameObject:
  m_ObjectHideFlags: 0
  m_CorrespondingSourceObject: {fileID: 0}
  m_PrefabInstance: {fileID: 0}
  m_PrefabAsset: {fileID: 0}
  serializedVersion: 6
  m_Component:
  - component: {fileID: 1354864845439318620}
  - component: {fileID: 296782640612600962}
  - component: {fileID: 4940579634632684564}
  - component: {fileID: 3258348807810891938}
  m_Layer: 0
  m_Name: Cylinder
  m_TagString: Untagged
  m_Icon: {fileID: 0}
  m_NavMeshLayer: 0
  m_StaticEditorFlags: 0
  m_IsActive: 1
--- !u!4 &1354864845439318620
Transform:
  m_ObjectHideFlags: 0
  m_CorrespondingSourceObject: {fileID: 0}
  m_PrefabInstance: {fileID: 0}
  m_PrefabAsset: {fileID: 0}
  m_GameObject: {fileID: 4970002380413275682}
  m_LocalRotation: {x: -0, y: -0, z: -0.38268343, w: 0.92387956}
  m_LocalPosition: {x: 0.329, y: 0.058, z: 0.0060000024}
  m_LocalScale: {x: 0.6666667, y: 0.6666667, z: 0.6666667}
  m_Children: []
  m_Father: {fileID: 743296280249434194}
  m_RootOrder: 0
  m_LocalEulerAnglesHint: {x: 0, y: 0, z: 0}
--- !u!114 &296782640612600962
MonoBehaviour:
  m_ObjectHideFlags: 0
  m_CorrespondingSourceObject: {fileID: 0}
  m_PrefabInstance: {fileID: 0}
  m_PrefabAsset: {fileID: 0}
  m_GameObject: {fileID: 4970002380413275682}
  m_Enabled: 1
  m_EditorHideFlags: 0
  m_Script: {fileID: 11500000, guid: 8233d90336aea43098adf6dbabd606a2, type: 3}
  m_Name: 
  m_EditorClassIdentifier: 
  m_MeshFormatVersion: 1
  m_Faces:
  - m_Indexes: 000000000100000002000000010000000300000002000000
    m_SmoothingGroup: 1
    m_Uv:
      m_UseWorldSpace: 0
      m_FlipU: 0
      m_FlipV: 0
      m_SwapUV: 0
      m_Fill: 1
      m_Scale: {x: 1, y: 1}
      m_Offset: {x: 0, y: 0}
      m_Rotation: 0
      m_Anchor: 9
    m_Material: {fileID: 0}
    m_SubmeshIndex: 0
    m_ManualUV: 0
    elementGroup: -1
    m_TextureGroup: -1
  - m_Indexes: 040000000500000006000000050000000700000006000000
    m_SmoothingGroup: 1
    m_Uv:
      m_UseWorldSpace: 0
      m_FlipU: 0
      m_FlipV: 0
      m_SwapUV: 0
      m_Fill: 1
      m_Scale: {x: 1, y: 1}
      m_Offset: {x: 0, y: 0}
      m_Rotation: 0
      m_Anchor: 9
    m_Material: {fileID: 0}
    m_SubmeshIndex: 0
    m_ManualUV: 0
    elementGroup: -1
    m_TextureGroup: -1
  - m_Indexes: 08000000090000000a000000090000000b0000000a000000
    m_SmoothingGroup: 1
    m_Uv:
      m_UseWorldSpace: 0
      m_FlipU: 0
      m_FlipV: 0
      m_SwapUV: 0
      m_Fill: 1
      m_Scale: {x: 1, y: 1}
      m_Offset: {x: 0, y: 0}
      m_Rotation: 0
      m_Anchor: 9
    m_Material: {fileID: 0}
    m_SubmeshIndex: 0
    m_ManualUV: 0
    elementGroup: -1
    m_TextureGroup: -1
  - m_Indexes: 0c0000000d0000000e0000000d0000000f0000000e000000
    m_SmoothingGroup: 1
    m_Uv:
      m_UseWorldSpace: 0
      m_FlipU: 0
      m_FlipV: 0
      m_SwapUV: 0
      m_Fill: 1
      m_Scale: {x: 1, y: 1}
      m_Offset: {x: 0, y: 0}
      m_Rotation: 0
      m_Anchor: 9
    m_Material: {fileID: 0}
    m_SubmeshIndex: 0
    m_ManualUV: 0
    elementGroup: -1
    m_TextureGroup: -1
  - m_Indexes: 100000001100000012000000110000001300000012000000
    m_SmoothingGroup: 1
    m_Uv:
      m_UseWorldSpace: 0
      m_FlipU: 0
      m_FlipV: 0
      m_SwapUV: 0
      m_Fill: 1
      m_Scale: {x: 1, y: 1}
      m_Offset: {x: 0, y: 0}
      m_Rotation: 0
      m_Anchor: 9
    m_Material: {fileID: 0}
    m_SubmeshIndex: 0
    m_ManualUV: 0
    elementGroup: -1
    m_TextureGroup: -1
  - m_Indexes: 140000001500000016000000150000001700000016000000
    m_SmoothingGroup: 1
    m_Uv:
      m_UseWorldSpace: 0
      m_FlipU: 0
      m_FlipV: 0
      m_SwapUV: 0
      m_Fill: 1
      m_Scale: {x: 1, y: 1}
      m_Offset: {x: 0, y: 0}
      m_Rotation: 0
      m_Anchor: 9
    m_Material: {fileID: 0}
    m_SubmeshIndex: 0
    m_ManualUV: 0
    elementGroup: -1
    m_TextureGroup: -1
  - m_Indexes: 18000000190000001a000000190000001b0000001a000000
    m_SmoothingGroup: 1
    m_Uv:
      m_UseWorldSpace: 0
      m_FlipU: 0
      m_FlipV: 0
      m_SwapUV: 0
      m_Fill: 1
      m_Scale: {x: 1, y: 1}
      m_Offset: {x: 0, y: 0}
      m_Rotation: 0
      m_Anchor: 9
    m_Material: {fileID: 0}
    m_SubmeshIndex: 0
    m_ManualUV: 0
    elementGroup: -1
    m_TextureGroup: -1
  - m_Indexes: 1c0000001d0000001e0000001d0000001f0000001e000000
    m_SmoothingGroup: 1
    m_Uv:
      m_UseWorldSpace: 0
      m_FlipU: 0
      m_FlipV: 0
      m_SwapUV: 0
      m_Fill: 1
      m_Scale: {x: 1, y: 1}
      m_Offset: {x: 0, y: 0}
      m_Rotation: 0
      m_Anchor: 9
    m_Material: {fileID: 0}
    m_SubmeshIndex: 0
    m_ManualUV: 0
    elementGroup: -1
    m_TextureGroup: -1
  - m_Indexes: 200000002100000022000000210000002300000022000000
    m_SmoothingGroup: 1
    m_Uv:
      m_UseWorldSpace: 0
      m_FlipU: 0
      m_FlipV: 0
      m_SwapUV: 0
      m_Fill: 1
      m_Scale: {x: 1, y: 1}
      m_Offset: {x: 0, y: 0}
      m_Rotation: 0
      m_Anchor: 9
    m_Material: {fileID: 0}
    m_SubmeshIndex: 0
    m_ManualUV: 0
    elementGroup: -1
    m_TextureGroup: -1
  - m_Indexes: 240000002500000026000000250000002700000026000000
    m_SmoothingGroup: 1
    m_Uv:
      m_UseWorldSpace: 0
      m_FlipU: 0
      m_FlipV: 0
      m_SwapUV: 0
      m_Fill: 1
      m_Scale: {x: 1, y: 1}
      m_Offset: {x: 0, y: 0}
      m_Rotation: 0
      m_Anchor: 9
    m_Material: {fileID: 0}
    m_SubmeshIndex: 0
    m_ManualUV: 0
    elementGroup: -1
    m_TextureGroup: -1
  - m_Indexes: 28000000290000002a000000290000002b0000002a000000
    m_SmoothingGroup: 1
    m_Uv:
      m_UseWorldSpace: 0
      m_FlipU: 0
      m_FlipV: 0
      m_SwapUV: 0
      m_Fill: 1
      m_Scale: {x: 1, y: 1}
      m_Offset: {x: 0, y: 0}
      m_Rotation: 0
      m_Anchor: 9
    m_Material: {fileID: 0}
    m_SubmeshIndex: 0
    m_ManualUV: 0
    elementGroup: -1
    m_TextureGroup: -1
  - m_Indexes: 2c0000002d0000002e0000002d0000002f0000002e000000
    m_SmoothingGroup: 1
    m_Uv:
      m_UseWorldSpace: 0
      m_FlipU: 0
      m_FlipV: 0
      m_SwapUV: 0
      m_Fill: 1
      m_Scale: {x: 1, y: 1}
      m_Offset: {x: 0, y: 0}
      m_Rotation: 0
      m_Anchor: 9
    m_Material: {fileID: 0}
    m_SubmeshIndex: 0
    m_ManualUV: 0
    elementGroup: -1
    m_TextureGroup: -1
  - m_Indexes: 300000003100000032000000310000003300000032000000
    m_SmoothingGroup: 1
    m_Uv:
      m_UseWorldSpace: 0
      m_FlipU: 0
      m_FlipV: 0
      m_SwapUV: 0
      m_Fill: 1
      m_Scale: {x: 1, y: 1}
      m_Offset: {x: 0, y: 0}
      m_Rotation: 0
      m_Anchor: 9
    m_Material: {fileID: 0}
    m_SubmeshIndex: 0
    m_ManualUV: 0
    elementGroup: -1
    m_TextureGroup: -1
  - m_Indexes: 340000003500000036000000350000003700000036000000
    m_SmoothingGroup: 1
    m_Uv:
      m_UseWorldSpace: 0
      m_FlipU: 0
      m_FlipV: 0
      m_SwapUV: 0
      m_Fill: 1
      m_Scale: {x: 1, y: 1}
      m_Offset: {x: 0, y: 0}
      m_Rotation: 0
      m_Anchor: 9
    m_Material: {fileID: 0}
    m_SubmeshIndex: 0
    m_ManualUV: 0
    elementGroup: -1
    m_TextureGroup: -1
  - m_Indexes: 38000000390000003a000000390000003b0000003a000000
    m_SmoothingGroup: 1
    m_Uv:
      m_UseWorldSpace: 0
      m_FlipU: 0
      m_FlipV: 0
      m_SwapUV: 0
      m_Fill: 1
      m_Scale: {x: 1, y: 1}
      m_Offset: {x: 0, y: 0}
      m_Rotation: 0
      m_Anchor: 9
    m_Material: {fileID: 0}
    m_SubmeshIndex: 0
    m_ManualUV: 0
    elementGroup: -1
    m_TextureGroup: -1
  - m_Indexes: 3c0000003d0000003e0000003d0000003f0000003e000000
    m_SmoothingGroup: 1
    m_Uv:
      m_UseWorldSpace: 0
      m_FlipU: 0
      m_FlipV: 0
      m_SwapUV: 0
      m_Fill: 1
      m_Scale: {x: 1, y: 1}
      m_Offset: {x: 0, y: 0}
      m_Rotation: 0
      m_Anchor: 9
    m_Material: {fileID: 0}
    m_SubmeshIndex: 0
    m_ManualUV: 0
    elementGroup: -1
    m_TextureGroup: -1
  - m_Indexes: 420000004100000040000000
    m_SmoothingGroup: 0
    m_Uv:
      m_UseWorldSpace: 0
      m_FlipU: 0
      m_FlipV: 0
      m_SwapUV: 0
      m_Fill: 1
      m_Scale: {x: 1, y: 1}
      m_Offset: {x: 0, y: 0}
      m_Rotation: 0
      m_Anchor: 9
    m_Material: {fileID: 2100000, guid: 31321ba15b8f8eb4c954353edc038b1d, type: 2}
    m_SubmeshIndex: 0
    m_ManualUV: 0
    elementGroup: 0
    m_TextureGroup: -1
  - m_Indexes: 480000004700000046000000
    m_SmoothingGroup: 0
    m_Uv:
      m_UseWorldSpace: 0
      m_FlipU: 0
      m_FlipV: 0
      m_SwapUV: 0
      m_Fill: 1
      m_Scale: {x: 1, y: 1}
      m_Offset: {x: 0, y: 0}
      m_Rotation: 0
      m_Anchor: 9
    m_Material: {fileID: 2100000, guid: 31321ba15b8f8eb4c954353edc038b1d, type: 2}
    m_SubmeshIndex: 0
    m_ManualUV: 0
    elementGroup: 0
    m_TextureGroup: -1
  - m_Indexes: 4e0000004d0000004c000000
    m_SmoothingGroup: 0
    m_Uv:
      m_UseWorldSpace: 0
      m_FlipU: 0
      m_FlipV: 0
      m_SwapUV: 0
      m_Fill: 1
      m_Scale: {x: 1, y: 1}
      m_Offset: {x: 0, y: 0}
      m_Rotation: 0
      m_Anchor: 9
    m_Material: {fileID: 2100000, guid: 31321ba15b8f8eb4c954353edc038b1d, type: 2}
    m_SubmeshIndex: 0
    m_ManualUV: 0
    elementGroup: 0
    m_TextureGroup: -1
  - m_Indexes: 540000005300000052000000
    m_SmoothingGroup: 0
    m_Uv:
      m_UseWorldSpace: 0
      m_FlipU: 0
      m_FlipV: 0
      m_SwapUV: 0
      m_Fill: 1
      m_Scale: {x: 1, y: 1}
      m_Offset: {x: 0, y: 0}
      m_Rotation: 0
      m_Anchor: 9
    m_Material: {fileID: 2100000, guid: 31321ba15b8f8eb4c954353edc038b1d, type: 2}
    m_SubmeshIndex: 0
    m_ManualUV: 0
    elementGroup: 0
    m_TextureGroup: -1
  - m_Indexes: 5a0000005900000058000000
    m_SmoothingGroup: 0
    m_Uv:
      m_UseWorldSpace: 0
      m_FlipU: 0
      m_FlipV: 0
      m_SwapUV: 0
      m_Fill: 1
      m_Scale: {x: 1, y: 1}
      m_Offset: {x: 0, y: 0}
      m_Rotation: 0
      m_Anchor: 9
    m_Material: {fileID: 2100000, guid: 31321ba15b8f8eb4c954353edc038b1d, type: 2}
    m_SubmeshIndex: 0
    m_ManualUV: 0
    elementGroup: 0
    m_TextureGroup: -1
  - m_Indexes: 600000005f0000005e000000
    m_SmoothingGroup: 0
    m_Uv:
      m_UseWorldSpace: 0
      m_FlipU: 0
      m_FlipV: 0
      m_SwapUV: 0
      m_Fill: 1
      m_Scale: {x: 1, y: 1}
      m_Offset: {x: 0, y: 0}
      m_Rotation: 0
      m_Anchor: 9
    m_Material: {fileID: 2100000, guid: 31321ba15b8f8eb4c954353edc038b1d, type: 2}
    m_SubmeshIndex: 0
    m_ManualUV: 0
    elementGroup: 0
    m_TextureGroup: -1
  - m_Indexes: 660000006500000064000000
    m_SmoothingGroup: 0
    m_Uv:
      m_UseWorldSpace: 0
      m_FlipU: 0
      m_FlipV: 0
      m_SwapUV: 0
      m_Fill: 1
      m_Scale: {x: 1, y: 1}
      m_Offset: {x: 0, y: 0}
      m_Rotation: 0
      m_Anchor: 9
    m_Material: {fileID: 2100000, guid: 31321ba15b8f8eb4c954353edc038b1d, type: 2}
    m_SubmeshIndex: 0
    m_ManualUV: 0
    elementGroup: 0
    m_TextureGroup: -1
  - m_Indexes: 6c0000006b0000006a000000
    m_SmoothingGroup: 0
    m_Uv:
      m_UseWorldSpace: 0
      m_FlipU: 0
      m_FlipV: 0
      m_SwapUV: 0
      m_Fill: 1
      m_Scale: {x: 1, y: 1}
      m_Offset: {x: 0, y: 0}
      m_Rotation: 0
      m_Anchor: 9
    m_Material: {fileID: 2100000, guid: 31321ba15b8f8eb4c954353edc038b1d, type: 2}
    m_SubmeshIndex: 0
    m_ManualUV: 0
    elementGroup: 0
    m_TextureGroup: -1
  - m_Indexes: 720000007100000070000000
    m_SmoothingGroup: 0
    m_Uv:
      m_UseWorldSpace: 0
      m_FlipU: 0
      m_FlipV: 0
      m_SwapUV: 0
      m_Fill: 1
      m_Scale: {x: 1, y: 1}
      m_Offset: {x: 0, y: 0}
      m_Rotation: 0
      m_Anchor: 9
    m_Material: {fileID: 2100000, guid: 31321ba15b8f8eb4c954353edc038b1d, type: 2}
    m_SubmeshIndex: 0
    m_ManualUV: 0
    elementGroup: 0
    m_TextureGroup: -1
  - m_Indexes: 780000007700000076000000
    m_SmoothingGroup: 0
    m_Uv:
      m_UseWorldSpace: 0
      m_FlipU: 0
      m_FlipV: 0
      m_SwapUV: 0
      m_Fill: 1
      m_Scale: {x: 1, y: 1}
      m_Offset: {x: 0, y: 0}
      m_Rotation: 0
      m_Anchor: 9
    m_Material: {fileID: 2100000, guid: 31321ba15b8f8eb4c954353edc038b1d, type: 2}
    m_SubmeshIndex: 0
    m_ManualUV: 0
    elementGroup: 0
    m_TextureGroup: -1
  - m_Indexes: 7e0000007d0000007c000000
    m_SmoothingGroup: 0
    m_Uv:
      m_UseWorldSpace: 0
      m_FlipU: 0
      m_FlipV: 0
      m_SwapUV: 0
      m_Fill: 1
      m_Scale: {x: 1, y: 1}
      m_Offset: {x: 0, y: 0}
      m_Rotation: 0
      m_Anchor: 9
    m_Material: {fileID: 2100000, guid: 31321ba15b8f8eb4c954353edc038b1d, type: 2}
    m_SubmeshIndex: 0
    m_ManualUV: 0
    elementGroup: 0
    m_TextureGroup: -1
  - m_Indexes: 840000008300000082000000
    m_SmoothingGroup: 0
    m_Uv:
      m_UseWorldSpace: 0
      m_FlipU: 0
      m_FlipV: 0
      m_SwapUV: 0
      m_Fill: 1
      m_Scale: {x: 1, y: 1}
      m_Offset: {x: 0, y: 0}
      m_Rotation: 0
      m_Anchor: 9
    m_Material: {fileID: 2100000, guid: 31321ba15b8f8eb4c954353edc038b1d, type: 2}
    m_SubmeshIndex: 0
    m_ManualUV: 0
    elementGroup: 0
    m_TextureGroup: -1
  - m_Indexes: 8a0000008900000088000000
    m_SmoothingGroup: 0
    m_Uv:
      m_UseWorldSpace: 0
      m_FlipU: 0
      m_FlipV: 0
      m_SwapUV: 0
      m_Fill: 1
      m_Scale: {x: 1, y: 1}
      m_Offset: {x: 0, y: 0}
      m_Rotation: 0
      m_Anchor: 9
    m_Material: {fileID: 2100000, guid: 31321ba15b8f8eb4c954353edc038b1d, type: 2}
    m_SubmeshIndex: 0
    m_ManualUV: 0
    elementGroup: 0
    m_TextureGroup: -1
  - m_Indexes: 900000008f0000008e000000
    m_SmoothingGroup: 0
    m_Uv:
      m_UseWorldSpace: 0
      m_FlipU: 0
      m_FlipV: 0
      m_SwapUV: 0
      m_Fill: 1
      m_Scale: {x: 1, y: 1}
      m_Offset: {x: 0, y: 0}
      m_Rotation: 0
      m_Anchor: 9
    m_Material: {fileID: 2100000, guid: 31321ba15b8f8eb4c954353edc038b1d, type: 2}
    m_SubmeshIndex: 0
    m_ManualUV: 0
    elementGroup: 0
    m_TextureGroup: -1
  - m_Indexes: 960000009500000094000000
    m_SmoothingGroup: 0
    m_Uv:
      m_UseWorldSpace: 0
      m_FlipU: 0
      m_FlipV: 0
      m_SwapUV: 0
      m_Fill: 1
      m_Scale: {x: 1, y: 1}
      m_Offset: {x: 0, y: 0}
      m_Rotation: 0
      m_Anchor: 9
    m_Material: {fileID: 2100000, guid: 31321ba15b8f8eb4c954353edc038b1d, type: 2}
    m_SubmeshIndex: 0
    m_ManualUV: 0
    elementGroup: 0
    m_TextureGroup: -1
  - m_Indexes: 9c0000009b0000009a000000
    m_SmoothingGroup: 0
    m_Uv:
      m_UseWorldSpace: 0
      m_FlipU: 0
      m_FlipV: 0
      m_SwapUV: 0
      m_Fill: 1
      m_Scale: {x: 1, y: 1}
      m_Offset: {x: 0, y: 0}
      m_Rotation: 0
      m_Anchor: 9
    m_Material: {fileID: 2100000, guid: 31321ba15b8f8eb4c954353edc038b1d, type: 2}
    m_SubmeshIndex: 0
    m_ManualUV: 0
    elementGroup: 0
    m_TextureGroup: -1
  - m_Indexes: 430000004400000045000000
    m_SmoothingGroup: 0
    m_Uv:
      m_UseWorldSpace: 0
      m_FlipU: 0
      m_FlipV: 0
      m_SwapUV: 0
      m_Fill: 1
      m_Scale: {x: 1, y: 1}
      m_Offset: {x: 0, y: 0}
      m_Rotation: 0
      m_Anchor: 9
    m_Material: {fileID: 2100000, guid: 31321ba15b8f8eb4c954353edc038b1d, type: 2}
    m_SubmeshIndex: 0
    m_ManualUV: 0
    elementGroup: 0
    m_TextureGroup: -1
  - m_Indexes: 490000004a0000004b000000
    m_SmoothingGroup: 0
    m_Uv:
      m_UseWorldSpace: 0
      m_FlipU: 0
      m_FlipV: 0
      m_SwapUV: 0
      m_Fill: 1
      m_Scale: {x: 1, y: 1}
      m_Offset: {x: 0, y: 0}
      m_Rotation: 0
      m_Anchor: 9
    m_Material: {fileID: 2100000, guid: 31321ba15b8f8eb4c954353edc038b1d, type: 2}
    m_SubmeshIndex: 0
    m_ManualUV: 0
    elementGroup: 0
    m_TextureGroup: -1
  - m_Indexes: 4f0000005000000051000000
    m_SmoothingGroup: 0
    m_Uv:
      m_UseWorldSpace: 0
      m_FlipU: 0
      m_FlipV: 0
      m_SwapUV: 0
      m_Fill: 1
      m_Scale: {x: 1, y: 1}
      m_Offset: {x: 0, y: 0}
      m_Rotation: 0
      m_Anchor: 9
    m_Material: {fileID: 2100000, guid: 31321ba15b8f8eb4c954353edc038b1d, type: 2}
    m_SubmeshIndex: 0
    m_ManualUV: 0
    elementGroup: 0
    m_TextureGroup: -1
  - m_Indexes: 550000005600000057000000
    m_SmoothingGroup: 0
    m_Uv:
      m_UseWorldSpace: 0
      m_FlipU: 0
      m_FlipV: 0
      m_SwapUV: 0
      m_Fill: 1
      m_Scale: {x: 1, y: 1}
      m_Offset: {x: 0, y: 0}
      m_Rotation: 0
      m_Anchor: 9
    m_Material: {fileID: 2100000, guid: 31321ba15b8f8eb4c954353edc038b1d, type: 2}
    m_SubmeshIndex: 0
    m_ManualUV: 0
    elementGroup: 0
    m_TextureGroup: -1
  - m_Indexes: 5b0000005c0000005d000000
    m_SmoothingGroup: 0
    m_Uv:
      m_UseWorldSpace: 0
      m_FlipU: 0
      m_FlipV: 0
      m_SwapUV: 0
      m_Fill: 1
      m_Scale: {x: 1, y: 1}
      m_Offset: {x: 0, y: 0}
      m_Rotation: 0
      m_Anchor: 9
    m_Material: {fileID: 2100000, guid: 31321ba15b8f8eb4c954353edc038b1d, type: 2}
    m_SubmeshIndex: 0
    m_ManualUV: 0
    elementGroup: 0
    m_TextureGroup: -1
  - m_Indexes: 610000006200000063000000
    m_SmoothingGroup: 0
    m_Uv:
      m_UseWorldSpace: 0
      m_FlipU: 0
      m_FlipV: 0
      m_SwapUV: 0
      m_Fill: 1
      m_Scale: {x: 1, y: 1}
      m_Offset: {x: 0, y: 0}
      m_Rotation: 0
      m_Anchor: 9
    m_Material: {fileID: 2100000, guid: 31321ba15b8f8eb4c954353edc038b1d, type: 2}
    m_SubmeshIndex: 0
    m_ManualUV: 0
    elementGroup: 0
    m_TextureGroup: -1
  - m_Indexes: 670000006800000069000000
    m_SmoothingGroup: 0
    m_Uv:
      m_UseWorldSpace: 0
      m_FlipU: 0
      m_FlipV: 0
      m_SwapUV: 0
      m_Fill: 1
      m_Scale: {x: 1, y: 1}
      m_Offset: {x: 0, y: 0}
      m_Rotation: 0
      m_Anchor: 9
    m_Material: {fileID: 2100000, guid: 31321ba15b8f8eb4c954353edc038b1d, type: 2}
    m_SubmeshIndex: 0
    m_ManualUV: 0
    elementGroup: 0
    m_TextureGroup: -1
  - m_Indexes: 6d0000006e0000006f000000
    m_SmoothingGroup: 0
    m_Uv:
      m_UseWorldSpace: 0
      m_FlipU: 0
      m_FlipV: 0
      m_SwapUV: 0
      m_Fill: 1
      m_Scale: {x: 1, y: 1}
      m_Offset: {x: 0, y: 0}
      m_Rotation: 0
      m_Anchor: 9
    m_Material: {fileID: 2100000, guid: 31321ba15b8f8eb4c954353edc038b1d, type: 2}
    m_SubmeshIndex: 0
    m_ManualUV: 0
    elementGroup: 0
    m_TextureGroup: -1
  - m_Indexes: 730000007400000075000000
    m_SmoothingGroup: 0
    m_Uv:
      m_UseWorldSpace: 0
      m_FlipU: 0
      m_FlipV: 0
      m_SwapUV: 0
      m_Fill: 1
      m_Scale: {x: 1, y: 1}
      m_Offset: {x: 0, y: 0}
      m_Rotation: 0
      m_Anchor: 9
    m_Material: {fileID: 2100000, guid: 31321ba15b8f8eb4c954353edc038b1d, type: 2}
    m_SubmeshIndex: 0
    m_ManualUV: 0
    elementGroup: 0
    m_TextureGroup: -1
  - m_Indexes: 790000007a0000007b000000
    m_SmoothingGroup: 0
    m_Uv:
      m_UseWorldSpace: 0
      m_FlipU: 0
      m_FlipV: 0
      m_SwapUV: 0
      m_Fill: 1
      m_Scale: {x: 1, y: 1}
      m_Offset: {x: 0, y: 0}
      m_Rotation: 0
      m_Anchor: 9
    m_Material: {fileID: 2100000, guid: 31321ba15b8f8eb4c954353edc038b1d, type: 2}
    m_SubmeshIndex: 0
    m_ManualUV: 0
    elementGroup: 0
    m_TextureGroup: -1
  - m_Indexes: 7f0000008000000081000000
    m_SmoothingGroup: 0
    m_Uv:
      m_UseWorldSpace: 0
      m_FlipU: 0
      m_FlipV: 0
      m_SwapUV: 0
      m_Fill: 1
      m_Scale: {x: 1, y: 1}
      m_Offset: {x: 0, y: 0}
      m_Rotation: 0
      m_Anchor: 9
    m_Material: {fileID: 2100000, guid: 31321ba15b8f8eb4c954353edc038b1d, type: 2}
    m_SubmeshIndex: 0
    m_ManualUV: 0
    elementGroup: 0
    m_TextureGroup: -1
  - m_Indexes: 850000008600000087000000
    m_SmoothingGroup: 0
    m_Uv:
      m_UseWorldSpace: 0
      m_FlipU: 0
      m_FlipV: 0
      m_SwapUV: 0
      m_Fill: 1
      m_Scale: {x: 1, y: 1}
      m_Offset: {x: 0, y: 0}
      m_Rotation: 0
      m_Anchor: 9
    m_Material: {fileID: 2100000, guid: 31321ba15b8f8eb4c954353edc038b1d, type: 2}
    m_SubmeshIndex: 0
    m_ManualUV: 0
    elementGroup: 0
    m_TextureGroup: -1
  - m_Indexes: 8b0000008c0000008d000000
    m_SmoothingGroup: 0
    m_Uv:
      m_UseWorldSpace: 0
      m_FlipU: 0
      m_FlipV: 0
      m_SwapUV: 0
      m_Fill: 1
      m_Scale: {x: 1, y: 1}
      m_Offset: {x: 0, y: 0}
      m_Rotation: 0
      m_Anchor: 9
    m_Material: {fileID: 2100000, guid: 31321ba15b8f8eb4c954353edc038b1d, type: 2}
    m_SubmeshIndex: 0
    m_ManualUV: 0
    elementGroup: 0
    m_TextureGroup: -1
  - m_Indexes: 910000009200000093000000
    m_SmoothingGroup: 0
    m_Uv:
      m_UseWorldSpace: 0
      m_FlipU: 0
      m_FlipV: 0
      m_SwapUV: 0
      m_Fill: 1
      m_Scale: {x: 1, y: 1}
      m_Offset: {x: 0, y: 0}
      m_Rotation: 0
      m_Anchor: 9
    m_Material: {fileID: 2100000, guid: 31321ba15b8f8eb4c954353edc038b1d, type: 2}
    m_SubmeshIndex: 0
    m_ManualUV: 0
    elementGroup: 0
    m_TextureGroup: -1
  - m_Indexes: 970000009800000099000000
    m_SmoothingGroup: 0
    m_Uv:
      m_UseWorldSpace: 0
      m_FlipU: 0
      m_FlipV: 0
      m_SwapUV: 0
      m_Fill: 1
      m_Scale: {x: 1, y: 1}
      m_Offset: {x: 0, y: 0}
      m_Rotation: 0
      m_Anchor: 9
    m_Material: {fileID: 2100000, guid: 31321ba15b8f8eb4c954353edc038b1d, type: 2}
    m_SubmeshIndex: 0
    m_ManualUV: 0
    elementGroup: 0
    m_TextureGroup: -1
  - m_Indexes: 9d0000009e0000009f000000
    m_SmoothingGroup: 0
    m_Uv:
      m_UseWorldSpace: 0
      m_FlipU: 0
      m_FlipV: 0
      m_SwapUV: 0
      m_Fill: 1
      m_Scale: {x: 1, y: 1}
      m_Offset: {x: 0, y: 0}
      m_Rotation: 0
      m_Anchor: 9
    m_Material: {fileID: 2100000, guid: 31321ba15b8f8eb4c954353edc038b1d, type: 2}
    m_SubmeshIndex: 0
    m_ManualUV: 0
    elementGroup: 0
    m_TextureGroup: -1
  m_SharedVertices:
  - m_Vertices: 000000003e000000400000009c000000
  - m_Vertices: 010000003f000000430000009f000000
  - m_Vertices: 02000000040000004200000046000000
  - m_Vertices: 03000000050000004500000049000000
  - m_Vertices: 0600000008000000480000004c000000
  - m_Vertices: 07000000090000004b0000004f000000
  - m_Vertices: 0a0000000c0000004e00000052000000
  - m_Vertices: 0b0000000d0000005100000055000000
  - m_Vertices: 0e000000100000005400000058000000
  - m_Vertices: 0f00000011000000570000005b000000
  - m_Vertices: 12000000140000005a0000005e000000
  - m_Vertices: 13000000150000005d00000061000000
  - m_Vertices: 16000000180000006000000064000000
  - m_Vertices: 17000000190000006300000067000000
  - m_Vertices: 1a0000001c000000660000006a000000
  - m_Vertices: 1b0000001d000000690000006d000000
  - m_Vertices: 1e000000200000006c00000070000000
  - m_Vertices: 1f000000210000006f00000073000000
  - m_Vertices: 22000000240000007200000076000000
  - m_Vertices: 23000000250000007500000079000000
  - m_Vertices: 2600000028000000780000007c000000
  - m_Vertices: 27000000290000007b0000007f000000
  - m_Vertices: 2a0000002c0000007e00000082000000
  - m_Vertices: 2b0000002d0000008100000085000000
  - m_Vertices: 2e000000300000008400000088000000
  - m_Vertices: 2f00000031000000870000008b000000
  - m_Vertices: 32000000340000008a0000008e000000
  - m_Vertices: 33000000350000008d00000091000000
  - m_Vertices: 36000000380000009000000094000000
  - m_Vertices: 37000000390000009300000097000000
  - m_Vertices: 3a0000003c000000960000009a000000
  - m_Vertices: 3b0000003d000000990000009d000000
  - m_Vertices: 41000000470000004d00000053000000590000005f000000650000006b00000071000000770000007d00000083000000890000008f000000950000009b000000
  - m_Vertices: 440000004a00000050000000560000005c00000062000000680000006e000000740000007a00000080000000860000008c00000092000000980000009e000000
  m_SharedTextures: []
  m_Positions:
  - {x: 0, y: 0, z: 0}
  - {x: 0, y: 1, z: 0}
  - {x: -0.022836149, y: 0, z: 0.11480504}
  - {x: -0.022836149, y: 1, z: 0.11480504}
  - {x: -0.022836149, y: 0, z: 0.11480504}
  - {x: -0.022836149, y: 1, z: 0.11480504}
  - {x: -0.087867975, y: 0, z: 0.21213204}
  - {x: -0.087867975, y: 1, z: 0.21213204}
  - {x: -0.087867975, y: 0, z: 0.21213204}
  - {x: -0.087867975, y: 1, z: 0.21213204}
  - {x: -0.18519497, y: 0, z: 0.27716386}
  - {x: -0.18519497, y: 1, z: 0.27716386}
  - {x: -0.18519497, y: 0, z: 0.27716386}
  - {x: -0.18519497, y: 1, z: 0.27716386}
  - {x: -0.3, y: 0, z: 0.3}
  - {x: -0.3, y: 1, z: 0.3}
  - {x: -0.3, y: 0, z: 0.3}
  - {x: -0.3, y: 1, z: 0.3}
  - {x: -0.41480502, y: 0, z: 0.2771639}
  - {x: -0.41480502, y: 1, z: 0.2771639}
  - {x: -0.41480502, y: 0, z: 0.2771639}
  - {x: -0.41480502, y: 1, z: 0.2771639}
  - {x: -0.51213205, y: 0, z: 0.21213204}
  - {x: -0.51213205, y: 1, z: 0.21213204}
  - {x: -0.51213205, y: 0, z: 0.21213204}
  - {x: -0.51213205, y: 1, z: 0.21213204}
  - {x: -0.5771639, y: 0, z: 0.11480505}
  - {x: -0.5771639, y: 1, z: 0.11480505}
  - {x: -0.5771639, y: 0, z: 0.11480505}
  - {x: -0.5771639, y: 1, z: 0.11480505}
  - {x: -0.6, y: 0, z: -0.000000026226834}
  - {x: -0.6, y: 1, z: -0.000000026226834}
  - {x: -0.6, y: 0, z: -0.000000026226834}
  - {x: -0.6, y: 1, z: -0.000000026226834}
  - {x: -0.5771639, y: 0, z: -0.114805035}
  - {x: -0.5771639, y: 1, z: -0.114805035}
  - {x: -0.5771639, y: 0, z: -0.114805035}
  - {x: -0.5771639, y: 1, z: -0.114805035}
  - {x: -0.51213205, y: 0, z: -0.21213202}
  - {x: -0.51213205, y: 1, z: -0.21213202}
  - {x: -0.51213205, y: 0, z: -0.21213202}
  - {x: -0.51213205, y: 1, z: -0.21213202}
  - {x: -0.41480508, y: 0, z: -0.27716386}
  - {x: -0.41480508, y: 1, z: -0.27716386}
  - {x: -0.41480508, y: 0, z: -0.27716386}
  - {x: -0.41480508, y: 1, z: -0.27716386}
  - {x: -0.3, y: 0, z: -0.3}
  - {x: -0.3, y: 1, z: -0.3}
  - {x: -0.3, y: 0, z: -0.3}
  - {x: -0.3, y: 1, z: -0.3}
  - {x: -0.18519492, y: 0, z: -0.27716383}
  - {x: -0.18519492, y: 1, z: -0.27716383}
  - {x: -0.18519492, y: 0, z: -0.27716383}
  - {x: -0.18519492, y: 1, z: -0.27716383}
  - {x: -0.087868005, y: 0, z: -0.21213208}
  - {x: -0.087868005, y: 1, z: -0.21213208}
  - {x: -0.087868005, y: 0, z: -0.21213208}
  - {x: -0.087868005, y: 1, z: -0.21213208}
  - {x: -0.022836119, y: 0, z: -0.114805035}
  - {x: -0.022836119, y: 1, z: -0.114805035}
  - {x: -0.022836119, y: 0, z: -0.114805035}
  - {x: -0.022836119, y: 1, z: -0.114805035}
  - {x: 0, y: 0, z: 0}
  - {x: 0, y: 1, z: 0}
  - {x: 0, y: 0, z: 0}
  - {x: -0.3, y: 0, z: 0}
  - {x: -0.022836149, y: 0, z: 0.11480504}
  - {x: 0, y: 1, z: 0}
  - {x: -0.3, y: 1, z: 0}
  - {x: -0.022836149, y: 1, z: 0.11480504}
  - {x: -0.022836149, y: 0, z: 0.11480504}
  - {x: -0.3, y: 0, z: 0}
  - {x: -0.087867975, y: 0, z: 0.21213204}
  - {x: -0.022836149, y: 1, z: 0.11480504}
  - {x: -0.3, y: 1, z: 0}
  - {x: -0.087867975, y: 1, z: 0.21213204}
  - {x: -0.087867975, y: 0, z: 0.21213204}
  - {x: -0.3, y: 0, z: 0}
  - {x: -0.18519497, y: 0, z: 0.27716386}
  - {x: -0.087867975, y: 1, z: 0.21213204}
  - {x: -0.3, y: 1, z: 0}
  - {x: -0.18519497, y: 1, z: 0.27716386}
  - {x: -0.18519497, y: 0, z: 0.27716386}
  - {x: -0.3, y: 0, z: 0}
  - {x: -0.3, y: 0, z: 0.3}
  - {x: -0.18519497, y: 1, z: 0.27716386}
  - {x: -0.3, y: 1, z: 0}
  - {x: -0.3, y: 1, z: 0.3}
  - {x: -0.3, y: 0, z: 0.3}
  - {x: -0.3, y: 0, z: 0}
  - {x: -0.41480502, y: 0, z: 0.2771639}
  - {x: -0.3, y: 1, z: 0.3}
  - {x: -0.3, y: 1, z: 0}
  - {x: -0.41480502, y: 1, z: 0.2771639}
  - {x: -0.41480502, y: 0, z: 0.2771639}
  - {x: -0.3, y: 0, z: 0}
  - {x: -0.51213205, y: 0, z: 0.21213204}
  - {x: -0.41480502, y: 1, z: 0.2771639}
  - {x: -0.3, y: 1, z: 0}
  - {x: -0.51213205, y: 1, z: 0.21213204}
  - {x: -0.51213205, y: 0, z: 0.21213204}
  - {x: -0.3, y: 0, z: 0}
  - {x: -0.5771639, y: 0, z: 0.11480505}
  - {x: -0.51213205, y: 1, z: 0.21213204}
  - {x: -0.3, y: 1, z: 0}
  - {x: -0.5771639, y: 1, z: 0.11480505}
  - {x: -0.5771639, y: 0, z: 0.11480505}
  - {x: -0.3, y: 0, z: 0}
  - {x: -0.6, y: 0, z: -0.000000026226834}
  - {x: -0.5771639, y: 1, z: 0.11480505}
  - {x: -0.3, y: 1, z: 0}
  - {x: -0.6, y: 1, z: -0.000000026226834}
  - {x: -0.6, y: 0, z: -0.000000026226834}
  - {x: -0.3, y: 0, z: 0}
  - {x: -0.5771639, y: 0, z: -0.114805035}
  - {x: -0.6, y: 1, z: -0.000000026226834}
  - {x: -0.3, y: 1, z: 0}
  - {x: -0.5771639, y: 1, z: -0.114805035}
  - {x: -0.5771639, y: 0, z: -0.114805035}
  - {x: -0.3, y: 0, z: 0}
  - {x: -0.51213205, y: 0, z: -0.21213202}
  - {x: -0.5771639, y: 1, z: -0.114805035}
  - {x: -0.3, y: 1, z: 0}
  - {x: -0.51213205, y: 1, z: -0.21213202}
  - {x: -0.51213205, y: 0, z: -0.21213202}
  - {x: -0.3, y: 0, z: 0}
  - {x: -0.41480508, y: 0, z: -0.27716386}
  - {x: -0.51213205, y: 1, z: -0.21213202}
  - {x: -0.3, y: 1, z: 0}
  - {x: -0.41480508, y: 1, z: -0.27716386}
  - {x: -0.41480508, y: 0, z: -0.27716386}
  - {x: -0.3, y: 0, z: 0}
  - {x: -0.3, y: 0, z: -0.3}
  - {x: -0.41480508, y: 1, z: -0.27716386}
  - {x: -0.3, y: 1, z: 0}
  - {x: -0.3, y: 1, z: -0.3}
  - {x: -0.3, y: 0, z: -0.3}
  - {x: -0.3, y: 0, z: 0}
  - {x: -0.18519492, y: 0, z: -0.27716383}
  - {x: -0.3, y: 1, z: -0.3}
  - {x: -0.3, y: 1, z: 0}
  - {x: -0.18519492, y: 1, z: -0.27716383}
  - {x: -0.18519492, y: 0, z: -0.27716383}
  - {x: -0.3, y: 0, z: 0}
  - {x: -0.087868005, y: 0, z: -0.21213208}
  - {x: -0.18519492, y: 1, z: -0.27716383}
  - {x: -0.3, y: 1, z: 0}
  - {x: -0.087868005, y: 1, z: -0.21213208}
  - {x: -0.087868005, y: 0, z: -0.21213208}
  - {x: -0.3, y: 0, z: 0}
  - {x: -0.022836119, y: 0, z: -0.114805035}
  - {x: -0.087868005, y: 1, z: -0.21213208}
  - {x: -0.3, y: 1, z: 0}
  - {x: -0.022836119, y: 1, z: -0.114805035}
  - {x: -0.022836119, y: 0, z: -0.114805035}
  - {x: -0.3, y: 0, z: 0}
  - {x: 0, y: 0, z: 0}
  - {x: -0.022836119, y: 1, z: -0.114805035}
  - {x: -0.3, y: 1, z: 0}
  - {x: 0, y: 1, z: 0}
  m_Textures0:
  - {x: 0, y: 0}
  - {x: 0, y: 1}
  - {x: 0.1170542, y: 0}
  - {x: 0.1170542, y: 1}
  - {x: 0.108143985, y: 0}
  - {x: 0.108143985, y: 1}
  - {x: 0.22519816, y: 0}
  - {x: 0.22519816, y: 1}
  - {x: 0.1909138, y: 0}
  - {x: 0.1909138, y: 1}
  - {x: 0.307968, y: 0}
  - {x: 0.307968, y: 1}
  - {x: 0.23570849, y: 0}
  - {x: 0.23570849, y: 1}
  - {x: 0.3527627, y: 0}
  - {x: 0.3527627, y: 1}
  - {x: 0.23570855, y: 0}
  - {x: 0.23570855, y: 1}
  - {x: 0.35276273, y: 0}
  - {x: 0.35276273, y: 1}
  - {x: 0.19091369, y: 0}
  - {x: 0.19091369, y: 1}
  - {x: 0.30796793, y: 0}
  - {x: 0.30796793, y: 1}
  - {x: 0.10814403, y: 0}
  - {x: 0.10814403, y: 1}
  - {x: 0.22519821, y: 0}
  - {x: 0.22519821, y: 1}
  - {x: -0.000000019561105, y: 0}
  - {x: -0.000000019561105, y: 1}
  - {x: 0.117054224, y: 0}
  - {x: 0.117054224, y: 1}
  - {x: -0.11705424, y: 0}
  - {x: -0.11705424, y: 1}
  - {x: -0.00000006209953, y: 0}
  - {x: -0.00000006209953, y: 1}
  - {x: -0.22519822, y: 0}
  - {x: -0.22519822, y: 1}
  - {x: -0.108144045, y: 0}
  - {x: -0.108144045, y: 1}
  - {x: -0.30796784, y: 0}
  - {x: -0.30796784, y: 1}
  - {x: -0.19091368, y: 0}
  - {x: -0.19091368, y: 1}
  - {x: -0.35276273, y: 0}
  - {x: -0.35276273, y: 1}
  - {x: -0.23570849, y: 0}
  - {x: -0.23570849, y: 1}
  - {x: -0.35276276, y: 0}
  - {x: -0.35276276, y: 1}
  - {x: -0.23570849, y: 0}
  - {x: -0.23570849, y: 1}
  - {x: -0.3079679, y: 0}
  - {x: -0.3079679, y: 1}
  - {x: -0.19091383, y: 0}
  - {x: -0.19091383, y: 1}
  - {x: -0.22519821, y: 0}
  - {x: -0.22519821, y: 1}
  - {x: -0.108143955, y: 0}
  - {x: -0.108143955, y: 1}
  - {x: -0.117054194, y: 0}
  - {x: -0.117054194, y: 1}
  - {x: 0, y: 0}
  - {x: 0, y: 1}
  - {x: 0, y: 0}
  - {x: 0.3, y: 0}
  - {x: 0.022836149, y: 0.11480504}
  - {x: 0, y: 0}
  - {x: -0.3, y: 0}
  - {x: -0.022836149, y: 0.11480504}
  - {x: 0.022836149, y: 0.11480504}
  - {x: 0.3, y: 0}
  - {x: 0.087867975, y: 0.21213204}
  - {x: -0.022836149, y: 0.11480504}
  - {x: -0.3, y: 0}
  - {x: -0.087867975, y: 0.21213204}
  - {x: 0.087867975, y: 0.21213204}
  - {x: 0.3, y: 0}
  - {x: 0.18519497, y: 0.27716386}
  - {x: -0.087867975, y: 0.21213204}
  - {x: -0.3, y: 0}
  - {x: -0.18519497, y: 0.27716386}
  - {x: 0.18519497, y: 0.27716386}
  - {x: 0.3, y: 0}
  - {x: 0.3, y: 0.3}
  - {x: -0.18519497, y: 0.27716386}
  - {x: -0.3, y: 0}
  - {x: -0.3, y: 0.3}
  - {x: 0.3, y: 0.3}
  - {x: 0.3, y: 0}
  - {x: 0.41480502, y: 0.2771639}
  - {x: -0.3, y: 0.3}
  - {x: -0.3, y: 0}
  - {x: -0.41480502, y: 0.2771639}
  - {x: 0.41480502, y: 0.2771639}
  - {x: 0.3, y: 0}
  - {x: 0.51213205, y: 0.21213204}
  - {x: -0.41480502, y: 0.2771639}
  - {x: -0.3, y: 0}
  - {x: -0.51213205, y: 0.21213204}
  - {x: 0.51213205, y: 0.21213204}
  - {x: 0.3, y: 0}
  - {x: 0.5771639, y: 0.11480505}
  - {x: -0.51213205, y: 0.21213204}
  - {x: -0.3, y: 0}
  - {x: -0.5771639, y: 0.11480505}
  - {x: 0.5771639, y: 0.11480505}
  - {x: 0.3, y: 0}
  - {x: 0.6, y: -0.000000026226834}
  - {x: -0.5771639, y: 0.11480505}
  - {x: -0.3, y: 0}
  - {x: -0.6, y: -0.000000026226834}
  - {x: 0.6, y: -0.000000026226834}
  - {x: 0.3, y: 0}
  - {x: 0.5771639, y: -0.114805035}
  - {x: -0.6, y: -0.000000026226834}
  - {x: -0.3, y: 0}
  - {x: -0.5771639, y: -0.114805035}
  - {x: 0.5771639, y: -0.114805035}
  - {x: 0.3, y: 0}
  - {x: 0.51213205, y: -0.21213202}
  - {x: -0.5771639, y: -0.114805035}
  - {x: -0.3, y: 0}
  - {x: -0.51213205, y: -0.21213202}
  - {x: 0.51213205, y: -0.21213202}
  - {x: 0.3, y: 0}
  - {x: 0.41480508, y: -0.27716386}
  - {x: -0.51213205, y: -0.21213202}
  - {x: -0.3, y: 0}
  - {x: -0.41480508, y: -0.27716386}
  - {x: 0.41480508, y: -0.27716386}
  - {x: 0.3, y: 0}
  - {x: 0.3, y: -0.3}
  - {x: -0.41480508, y: -0.27716386}
  - {x: -0.3, y: 0}
  - {x: -0.3, y: -0.3}
  - {x: 0.3, y: -0.3}
  - {x: 0.3, y: 0}
  - {x: 0.18519492, y: -0.27716383}
  - {x: -0.3, y: -0.3}
  - {x: -0.3, y: 0}
  - {x: -0.18519492, y: -0.27716383}
  - {x: 0.18519492, y: -0.27716383}
  - {x: 0.3, y: 0}
  - {x: 0.087868005, y: -0.21213208}
  - {x: -0.18519492, y: -0.27716383}
  - {x: -0.3, y: 0}
  - {x: -0.087868005, y: -0.21213208}
  - {x: 0.087868005, y: -0.21213208}
  - {x: 0.3, y: 0}
  - {x: 0.022836119, y: -0.114805035}
  - {x: -0.087868005, y: -0.21213208}
  - {x: -0.3, y: 0}
  - {x: -0.022836119, y: -0.114805035}
  - {x: 0.022836119, y: -0.114805035}
  - {x: 0.3, y: 0}
  - {x: 0, y: 0}
  - {x: -0.022836119, y: -0.114805035}
  - {x: -0.3, y: 0}
  - {x: 0, y: 0}
  m_Textures2: []
  m_Textures3: []
  m_Tangents:
  - {x: -0.00000012154473, y: 0, z: 1, w: -1}
  - {x: -0.00000012154473, y: 0, z: 1, w: -1}
  - {x: -0.3826835, y: 0, z: 0.9238795, w: -1}
  - {x: -0.3826835, y: 0, z: 0.9238795, w: -1}
  - {x: -0.38268346, y: 0, z: 0.9238795, w: -1}
  - {x: -0.38268346, y: 0, z: 0.9238795, w: -1}
  - {x: -0.7071068, y: 0, z: 0.70710677, w: -1}
  - {x: -0.7071068, y: 0, z: 0.70710677, w: -1}
  - {x: -0.70710677, y: 0, z: 0.70710677, w: -1}
  - {x: -0.70710677, y: 0, z: 0.70710677, w: -1}
  - {x: -0.9238795, y: 0, z: 0.38268343, w: -1}
  - {x: -0.9238795, y: 0, z: 0.38268343, w: -1}
  - {x: -0.9238795, y: 0, z: 0.3826835, w: -1}
  - {x: -0.9238795, y: 0, z: 0.3826835, w: -1}
  - {x: -1, y: 0, z: 0.00000010635164, w: -1}
  - {x: -1, y: 0, z: 0.00000010635164, w: -1}
  - {x: -1, y: 0, z: 0.00000010635165, w: -1}
  - {x: -1, y: 0, z: 0.00000010635165, w: -1}
  - {x: -0.9238795, y: 0, z: -0.38268346, w: -1}
  - {x: -0.9238795, y: 0, z: -0.38268346, w: -1}
  - {x: -0.92387956, y: 0, z: -0.38268346, w: -1}
  - {x: -0.92387956, y: 0, z: -0.38268346, w: -1}
  - {x: -0.70710677, y: 0, z: -0.70710677, w: -1}
  - {x: -0.70710677, y: 0, z: -0.70710677, w: -1}
  - {x: -0.70710677, y: 0, z: -0.70710677, w: -1}
  - {x: -0.70710677, y: 0, z: -0.70710677, w: -1}
  - {x: -0.3826835, y: 0, z: -0.9238795, w: -1}
  - {x: -0.3826835, y: 0, z: -0.9238795, w: -1}
  - {x: -0.3826835, y: 0, z: -0.9238795, w: -1}
  - {x: -0.3826835, y: 0, z: -0.9238795, w: -1}
  - {x: 0.000000060772365, y: 0, z: -1, w: -1}
  - {x: 0.000000060772365, y: 0, z: -1, w: -1}
  - {x: 0.00000004557928, y: 0, z: -1, w: -1}
  - {x: 0.00000004557928, y: 0, z: -1, w: -1}
  - {x: 0.38268352, y: 0, z: -0.9238795, w: -1}
  - {x: 0.38268352, y: 0, z: -0.9238795, w: -1}
  - {x: 0.38268352, y: 0, z: -0.9238795, w: -1}
  - {x: 0.38268352, y: 0, z: -0.9238795, w: -1}
  - {x: 0.7071067, y: 0, z: -0.7071069, w: -1}
  - {x: 0.7071067, y: 0, z: -0.7071069, w: -1}
  - {x: 0.7071067, y: 0, z: -0.7071069, w: -1}
  - {x: 0.7071067, y: 0, z: -0.7071069, w: -1}
  - {x: 0.92387944, y: 0, z: -0.38268358, w: -1}
  - {x: 0.92387944, y: 0, z: -0.38268358, w: -1}
  - {x: 0.92387944, y: 0, z: -0.38268358, w: -1}
  - {x: 0.92387944, y: 0, z: -0.38268358, w: -1}
  - {x: 1, y: 0, z: 0.00000010635165, w: -1}
  - {x: 1, y: 0, z: 0.00000010635165, w: -1}
  - {x: 1, y: 0, z: 0.00000010635166, w: -1}
  - {x: 1, y: 0, z: 0.00000010635166, w: -1}
  - {x: 0.9238795, y: 0, z: 0.3826835, w: -1}
  - {x: 0.9238795, y: 0, z: 0.3826835, w: -1}
  - {x: 0.9238795, y: 0, z: 0.38268352, w: -1}
  - {x: 0.9238795, y: 0, z: 0.38268352, w: -1}
  - {x: 0.7071069, y: 0, z: 0.70710665, w: -1}
  - {x: 0.7071069, y: 0, z: 0.70710665, w: -1}
  - {x: 0.7071069, y: 0, z: 0.7071067, w: -1}
  - {x: 0.7071069, y: 0, z: 0.7071067, w: -1}
  - {x: 0.38268343, y: 0, z: 0.9238795, w: -1}
  - {x: 0.38268343, y: 0, z: 0.9238795, w: -1}
  - {x: 0.38268346, y: 0, z: 0.9238795, w: -1}
  - {x: 0.38268346, y: 0, z: 0.9238795, w: -1}
  - {x: -0.00000012154473, y: 0, z: 1, w: -1}
  - {x: -0.00000012154473, y: 0, z: 1, w: -1}
  - {x: -1, y: 0, z: 0, w: -1}
  - {x: -1, y: 0, z: 0, w: -1}
  - {x: -1, y: 0, z: 0, w: -1}
  - {x: 1, y: 0, z: 0, w: -1}
  - {x: 1, y: 0, z: 0, w: -1}
  - {x: 1, y: 0, z: 0, w: -1}
  - {x: -1, y: 0, z: 0, w: -1}
  - {x: -1, y: 0, z: 0, w: -1}
  - {x: -1, y: 0, z: 0, w: -1}
  - {x: 1, y: 0, z: 0, w: -1}
  - {x: 1, y: 0, z: 0, w: -1}
  - {x: 1, y: 0, z: 0, w: -1}
  - {x: -1, y: 0, z: 0, w: -1}
  - {x: -1, y: 0, z: 0, w: -1}
  - {x: -1, y: 0, z: 0, w: -1}
  - {x: 1, y: 0, z: 0, w: -1}
  - {x: 1, y: 0, z: 0, w: -1}
  - {x: 1, y: 0, z: 0, w: -1}
  - {x: -1, y: 0, z: 0, w: -1}
  - {x: -1, y: 0, z: 0, w: -1}
  - {x: -1, y: 0, z: 0, w: -1}
  - {x: 1, y: 0, z: 0, w: -1}
  - {x: 1, y: 0, z: 0, w: -1}
  - {x: 1, y: 0, z: 0, w: -1}
  - {x: -1, y: 0, z: 0, w: -1}
  - {x: -1, y: 0, z: 0, w: -1}
  - {x: -1, y: 0, z: 0, w: -1}
  - {x: 1, y: 0, z: 0, w: -1}
  - {x: 1, y: 0, z: 0, w: -1}
  - {x: 1, y: 0, z: 0, w: -1}
  - {x: -1, y: 0, z: 0, w: -1}
  - {x: -1, y: 0, z: 0, w: -1}
  - {x: -1, y: 0, z: 0, w: -1}
  - {x: 1, y: 0, z: 0, w: -1}
  - {x: 1, y: 0, z: 0, w: -1}
  - {x: 1, y: 0, z: 0, w: -1}
  - {x: -1, y: 0, z: 0, w: -1}
  - {x: -1, y: 0, z: 0, w: -1}
  - {x: -1, y: 0, z: 0, w: -1}
  - {x: 1, y: 0, z: 0, w: -1}
  - {x: 1, y: 0, z: 0, w: -1}
  - {x: 1, y: 0, z: 0, w: -1}
  - {x: -1, y: 0, z: 0, w: -1}
  - {x: -1, y: 0, z: 0, w: -1}
  - {x: -1, y: 0, z: 0, w: -1}
  - {x: 1, y: 0, z: 0, w: -1}
  - {x: 1, y: 0, z: 0, w: -1}
  - {x: 1, y: 0, z: 0, w: -1}
  - {x: -1, y: 0, z: 0, w: -1}
  - {x: -1, y: 0, z: 0, w: -1}
  - {x: -1, y: 0, z: 0, w: -1}
  - {x: 1, y: 0, z: 0, w: -1}
  - {x: 1, y: 0, z: 0, w: -1}
  - {x: 1, y: 0, z: 0, w: -1}
  - {x: -1, y: 0, z: 0, w: -1}
  - {x: -1, y: 0, z: 0, w: -1}
  - {x: -1, y: 0, z: 0, w: -1}
  - {x: 1, y: 0, z: 0, w: -1}
  - {x: 1, y: 0, z: 0, w: -1}
  - {x: 1, y: 0, z: 0, w: -1}
  - {x: -1, y: 0, z: 0, w: -1}
  - {x: -1, y: 0, z: 0, w: -1}
  - {x: -1, y: 0, z: 0, w: -1}
  - {x: 1, y: 0, z: 0, w: -1}
  - {x: 1, y: 0, z: 0, w: -1}
  - {x: 1, y: 0, z: 0, w: -1}
  - {x: -1, y: 0, z: 0, w: -1}
  - {x: -1, y: 0, z: 0, w: -1}
  - {x: -1, y: 0, z: 0, w: -1}
  - {x: 1, y: 0, z: 0, w: -1}
  - {x: 1, y: 0, z: 0, w: -1}
  - {x: 1, y: 0, z: 0, w: -1}
  - {x: -1, y: 0, z: 0, w: -1}
  - {x: -1, y: 0, z: 0, w: -1}
  - {x: -1, y: 0, z: 0, w: -1}
  - {x: 1, y: 0, z: 0, w: -1}
  - {x: 1, y: 0, z: 0, w: -1}
  - {x: 1, y: 0, z: 0, w: -1}
  - {x: -1, y: 0, z: 0, w: -1}
  - {x: -1, y: 0, z: 0, w: -1}
  - {x: -1, y: 0, z: 0, w: -1}
  - {x: 1, y: 0, z: 0, w: -1}
  - {x: 1, y: 0, z: 0, w: -1}
  - {x: 1, y: 0, z: 0, w: -1}
  - {x: -1, y: 0, z: 0, w: -1}
  - {x: -1, y: 0, z: 0, w: -1}
  - {x: -1, y: 0, z: 0, w: -1}
  - {x: 1, y: 0, z: 0, w: -1}
  - {x: 1, y: 0, z: 0, w: -1}
  - {x: 1, y: 0, z: 0, w: -1}
  - {x: -1, y: 0, z: 0, w: -1}
  - {x: -1, y: 0, z: 0, w: -1}
  - {x: -1, y: 0, z: 0, w: -1}
  - {x: 1, y: 0, z: 0, w: -1}
  - {x: 1, y: 0, z: 0, w: -1}
  - {x: 1, y: 0, z: 0, w: -1}
  m_Colors: []
  m_UnwrapParameters:
    m_HardAngle: 88
    m_PackMargin: 20
    m_AngleError: 8
    m_AreaError: 15
  m_PreserveMeshAssetOnDestroy: 0
  assetGuid: 
  m_Mesh: {fileID: 0}
  m_IsSelectable: 1
  m_SelectedFaces: 
  m_SelectedEdges: []
  m_SelectedVertices: 
--- !u!23 &4940579634632684564
MeshRenderer:
  m_ObjectHideFlags: 0
  m_CorrespondingSourceObject: {fileID: 0}
  m_PrefabInstance: {fileID: 0}
  m_PrefabAsset: {fileID: 0}
  m_GameObject: {fileID: 4970002380413275682}
  m_Enabled: 1
  m_CastShadows: 1
  m_ReceiveShadows: 1
  m_DynamicOccludee: 1
  m_MotionVectors: 1
  m_LightProbeUsage: 1
  m_ReflectionProbeUsage: 1
  m_RayTracingMode: 2
  m_RayTraceProcedural: 0
  m_RenderingLayerMask: 1
  m_RendererPriority: 0
  m_Materials:
  - {fileID: 2100000, guid: 80bafb6597417cc419e87f6c57359583, type: 2}
  m_StaticBatchInfo:
    firstSubMesh: 0
    subMeshCount: 0
  m_StaticBatchRoot: {fileID: 0}
  m_ProbeAnchor: {fileID: 0}
  m_LightProbeVolumeOverride: {fileID: 0}
  m_ScaleInLightmap: 1
  m_ReceiveGI: 1
  m_PreserveUVs: 0
  m_IgnoreNormalsForChartDetection: 0
  m_ImportantGI: 0
  m_StitchLightmapSeams: 1
  m_SelectedEditorRenderState: 3
  m_MinimumChartSize: 4
  m_AutoUVMaxDistance: 0.5
  m_AutoUVMaxAngle: 89
  m_LightmapParameters: {fileID: 0}
  m_SortingLayerID: 0
  m_SortingLayer: 0
  m_SortingOrder: 0
  m_AdditionalVertexStreams: {fileID: 0}
--- !u!33 &3258348807810891938
MeshFilter:
  m_ObjectHideFlags: 0
  m_CorrespondingSourceObject: {fileID: 0}
  m_PrefabInstance: {fileID: 0}
  m_PrefabAsset: {fileID: 0}
  m_GameObject: {fileID: 4970002380413275682}
  m_Mesh: {fileID: 0}
--- !u!1 &5987656088198902910
GameObject:
  m_ObjectHideFlags: 0
  m_CorrespondingSourceObject: {fileID: 0}
  m_PrefabInstance: {fileID: 0}
  m_PrefabAsset: {fileID: 0}
  serializedVersion: 6
  m_Component:
  - component: {fileID: 4041159942200840258}
  - component: {fileID: 595103971162238184}
  - component: {fileID: 4917646758495778009}
  m_Layer: 15
  m_Name: AttackTrigger
  m_TagString: Untagged
  m_Icon: {fileID: 0}
  m_NavMeshLayer: 0
  m_StaticEditorFlags: 0
  m_IsActive: 1
--- !u!4 &4041159942200840258
Transform:
  m_ObjectHideFlags: 0
  m_CorrespondingSourceObject: {fileID: 0}
  m_PrefabInstance: {fileID: 0}
  m_PrefabAsset: {fileID: 0}
  m_GameObject: {fileID: 5987656088198902910}
  m_LocalRotation: {x: 0, y: 0, z: 0, w: 1}
  m_LocalPosition: {x: 0, y: 0, z: 0}
  m_LocalScale: {x: 1, y: 1, z: 1}
  m_Children: []
  m_Father: {fileID: 448917154998761266}
  m_RootOrder: 3
  m_LocalEulerAnglesHint: {x: 0, y: 0, z: 0}
--- !u!60 &595103971162238184
PolygonCollider2D:
  m_ObjectHideFlags: 0
  m_CorrespondingSourceObject: {fileID: 0}
  m_PrefabInstance: {fileID: 0}
  m_PrefabAsset: {fileID: 0}
  m_GameObject: {fileID: 5987656088198902910}
  m_Enabled: 0
  m_Density: 1
  m_Material: {fileID: 0}
  m_IsTrigger: 1
  m_UsedByEffector: 0
  m_UsedByComposite: 0
  m_Offset: {x: 0, y: 0}
  m_SpriteTilingProperty:
    border: {x: 0, y: 0, z: 0, w: 0}
    pivot: {x: 0, y: 0}
    oldSize: {x: 0, y: 0}
    newSize: {x: 0, y: 0}
    adaptiveTilingThreshold: 0
    drawMode: 0
    adaptiveTiling: 0
  m_AutoTiling: 0
  m_Points:
    m_Paths:
    - - {x: 0.00000008009374, y: 0.718873}
      - {x: -0.7210436, y: 0.008722305}
      - {x: 0.0064148903, y: -0.71956766}
      - {x: 0.70918113, y: -0.0039716363}
      - {x: 0.37602407, y: 0.3217956}
--- !u!114 &4917646758495778009
MonoBehaviour:
  m_ObjectHideFlags: 0
  m_CorrespondingSourceObject: {fileID: 0}
  m_PrefabInstance: {fileID: 0}
  m_PrefabAsset: {fileID: 0}
  m_GameObject: {fileID: 5987656088198902910}
  m_Enabled: 1
  m_EditorHideFlags: 0
  m_Script: {fileID: 11500000, guid: 6077faa3e6f59a24b840448dba98269d, type: 3}
  m_Name: 
  m_EditorClassIdentifier: 
  AttackPower: 25
  KnockbackPower: 15
--- !u!1 &6788468561425182010
GameObject:
  m_ObjectHideFlags: 0
  m_CorrespondingSourceObject: {fileID: 0}
  m_PrefabInstance: {fileID: 0}
  m_PrefabAsset: {fileID: 0}
  serializedVersion: 6
  m_Component:
  - component: {fileID: 743296280249434194}
  - component: {fileID: 6766312668103091355}
  - component: {fileID: 1733391821412305312}
  - component: {fileID: 4843348013398486303}
  m_Layer: 18
  m_Name: PhysicsCollider
  m_TagString: Enemy
  m_Icon: {fileID: 0}
  m_NavMeshLayer: 0
  m_StaticEditorFlags: 0
  m_IsActive: 1
--- !u!4 &743296280249434194
Transform:
  m_ObjectHideFlags: 0
  m_CorrespondingSourceObject: {fileID: 0}
  m_PrefabInstance: {fileID: 0}
  m_PrefabAsset: {fileID: 0}
  m_GameObject: {fileID: 6788468561425182010}
  m_LocalRotation: {x: 0, y: 0, z: 0.38268343, w: 0.92387956}
  m_LocalPosition: {x: 0, y: 0, z: 0}
  m_LocalScale: {x: 1, y: 1, z: 1}
  m_Children:
  - {fileID: 1354864845439318620}
  m_Father: {fileID: 448917154998761266}
  m_RootOrder: 1
  m_LocalEulerAnglesHint: {x: 0, y: 0, z: 45}
--- !u!33 &6766312668103091355
MeshFilter:
  m_ObjectHideFlags: 0
  m_CorrespondingSourceObject: {fileID: 0}
  m_PrefabInstance: {fileID: 0}
  m_PrefabAsset: {fileID: 0}
  m_GameObject: {fileID: 6788468561425182010}
  m_Mesh: {fileID: 10202, guid: 0000000000000000e000000000000000, type: 0}
--- !u!23 &1733391821412305312
MeshRenderer:
  m_ObjectHideFlags: 0
  m_CorrespondingSourceObject: {fileID: 0}
  m_PrefabInstance: {fileID: 0}
  m_PrefabAsset: {fileID: 0}
  m_GameObject: {fileID: 6788468561425182010}
  m_Enabled: 1
  m_CastShadows: 1
  m_ReceiveShadows: 1
  m_DynamicOccludee: 1
  m_MotionVectors: 1
  m_LightProbeUsage: 1
  m_ReflectionProbeUsage: 1
  m_RayTracingMode: 2
  m_RayTraceProcedural: 0
  m_RenderingLayerMask: 1
  m_RendererPriority: 0
  m_Materials:
  - {fileID: 2100000, guid: 80bafb6597417cc419e87f6c57359583, type: 2}
  m_StaticBatchInfo:
    firstSubMesh: 0
    subMeshCount: 0
  m_StaticBatchRoot: {fileID: 0}
  m_ProbeAnchor: {fileID: 0}
  m_LightProbeVolumeOverride: {fileID: 0}
  m_ScaleInLightmap: 1
  m_ReceiveGI: 1
  m_PreserveUVs: 0
  m_IgnoreNormalsForChartDetection: 0
  m_ImportantGI: 0
  m_StitchLightmapSeams: 1
  m_SelectedEditorRenderState: 3
  m_MinimumChartSize: 4
  m_AutoUVMaxDistance: 0.5
  m_AutoUVMaxAngle: 89
  m_LightmapParameters: {fileID: 0}
  m_SortingLayerID: 0
  m_SortingLayer: 0
  m_SortingOrder: 0
  m_AdditionalVertexStreams: {fileID: 0}
--- !u!58 &4843348013398486303
CircleCollider2D:
  m_ObjectHideFlags: 0
  m_CorrespondingSourceObject: {fileID: 0}
  m_PrefabInstance: {fileID: 0}
  m_PrefabAsset: {fileID: 0}
  m_GameObject: {fileID: 6788468561425182010}
  m_Enabled: 1
  m_Density: 1
  m_Material: {fileID: 0}
  m_IsTrigger: 0
  m_UsedByEffector: 0
  m_UsedByComposite: 0
  m_Offset: {x: 0, y: 0}
  serializedVersion: 2
  m_Radius: 0.5
--- !u!1 &7976166087904181193
GameObject:
  m_ObjectHideFlags: 0
  m_CorrespondingSourceObject: {fileID: 0}
  m_PrefabInstance: {fileID: 0}
  m_PrefabAsset: {fileID: 0}
  serializedVersion: 6
  m_Component:
  - component: {fileID: 3314569787520656842}
  - component: {fileID: 4450809958443667658}
  m_Layer: 0
  m_Name: ShootingSound
  m_TagString: Untagged
  m_Icon: {fileID: 0}
  m_NavMeshLayer: 0
  m_StaticEditorFlags: 0
  m_IsActive: 1
--- !u!4 &3314569787520656842
Transform:
  m_ObjectHideFlags: 0
  m_CorrespondingSourceObject: {fileID: 0}
  m_PrefabInstance: {fileID: 0}
  m_PrefabAsset: {fileID: 0}
  m_GameObject: {fileID: 7976166087904181193}
  m_LocalRotation: {x: 0, y: 0, z: 0, w: 1}
  m_LocalPosition: {x: 0, y: 0, z: 0}
  m_LocalScale: {x: 1, y: 1, z: 1}
  m_Children: []
  m_Father: {fileID: 448917154998761266}
  m_RootOrder: 4
  m_LocalEulerAnglesHint: {x: 0, y: 0, z: 0}
--- !u!82 &4450809958443667658
AudioSource:
  m_ObjectHideFlags: 0
  m_CorrespondingSourceObject: {fileID: 0}
  m_PrefabInstance: {fileID: 0}
  m_PrefabAsset: {fileID: 0}
  m_GameObject: {fileID: 7976166087904181193}
  m_Enabled: 1
  serializedVersion: 4
  OutputAudioMixerGroup: {fileID: 0}
  m_audioClip: {fileID: 8300000, guid: 87604a1c325b0b3459e2fb4596f68d71, type: 3}
  m_PlayOnAwake: 0
  m_Volume: 1
  m_Pitch: 1
  Loop: 0
  Mute: 0
  Spatialize: 0
  SpatializePostEffects: 0
  Priority: 128
  DopplerLevel: 1
  MinDistance: 1
  MaxDistance: 500
  Pan2D: 0
  rolloffMode: 0
  BypassEffects: 0
  BypassListenerEffects: 0
  BypassReverbZones: 0
  rolloffCustomCurve:
    serializedVersion: 2
    m_Curve:
    - serializedVersion: 3
      time: 0
      value: 1
      inSlope: 0
      outSlope: 0
      tangentMode: 0
      weightedMode: 0
      inWeight: 0.33333334
      outWeight: 0.33333334
    - serializedVersion: 3
      time: 1
      value: 0
      inSlope: 0
      outSlope: 0
      tangentMode: 0
      weightedMode: 0
      inWeight: 0.33333334
      outWeight: 0.33333334
    m_PreInfinity: 2
    m_PostInfinity: 2
    m_RotationOrder: 4
  panLevelCustomCurve:
    serializedVersion: 2
    m_Curve:
    - serializedVersion: 3
      time: 0
      value: 0
      inSlope: 0
      outSlope: 0
      tangentMode: 0
      weightedMode: 0
      inWeight: 0.33333334
      outWeight: 0.33333334
    m_PreInfinity: 2
    m_PostInfinity: 2
    m_RotationOrder: 4
  spreadCustomCurve:
    serializedVersion: 2
    m_Curve:
    - serializedVersion: 3
      time: 0
      value: 0
      inSlope: 0
      outSlope: 0
      tangentMode: 0
      weightedMode: 0
      inWeight: 0.33333334
      outWeight: 0.33333334
    m_PreInfinity: 2
    m_PostInfinity: 2
    m_RotationOrder: 4
  reverbZoneMixCustomCurve:
    serializedVersion: 2
    m_Curve:
    - serializedVersion: 3
      time: 0
      value: 1
      inSlope: 0
      outSlope: 0
      tangentMode: 0
      weightedMode: 0
      inWeight: 0.33333334
      outWeight: 0.33333334
    m_PreInfinity: 2
    m_PostInfinity: 2
    m_RotationOrder: 4
